@misc{ intlivestats,
	author = "Internet Live Stats",
	title = "Internet Users",
	howpublished = "\url{http://www.internetlivestats.com/internet-users/}",
	year = "2017",
}

@misc{ cisco2020,
	author = "Cisco",
	title = "Cisco Global Cloud Index: Forecast and Methodology, 2015-2020",
	howpublished = "\url{http://www.cisco.com/c/dam/en/us/solutions/collateral/service-provider/global-cloud-index-gci/white-paper-c11-738085.pdf}",
	year = "2016",
}

@misc{ tcc,
	author = "The Cloud Calculator",
	title = "THE COMPLETE CLOUD BUILD VS BUY CALCULATOR",
	howpublished = "\url{http://www.thecloudcalculator.com/sites/default/files/PDFs/cloud-build-vs-buy_1491121458.pdf}",
	year = "2017",
	note = "[Calculator Input: Low (N+1) redundancy; Internal Data Center; 128 GB of memory; 1 Cabinets; 1000 GB of Storage; 3 years of hardware refresh cycle][Online;]"
}

@misc{ T430,
	author = "Dell",
	title = "PowerEdge T430 Tower Server",
	howpublished = "\url{http://www.dell.com/us/business/p/poweredge-t430/pd?ref=PD_OC}",
	year = "2017",
	note = "[Price \SI{10641.71}[\$]{}; Configuration: 40 Threads in 2X Xeon E5-2640v4, 160GB of RAM, PERC H730P (2GB Cache), 2X 1TB SAS, 2X 960GB SSD, Intel X550 Dual Port 10Gbit adapter, Dual Hot-plug Redundant Power Supply, 3 Years full warranty][Online;]"
}

@misc{ apc-dc-power,
	author = "Richard L. Sawyer",
	title = "Calculating Total Power Requirements for Data Centers",
	howpublished = "\url{http://www.apc.com/salestools/VAVR-5TDTEF/VAVR-5TDTEF_R1_EN.pdf}",
}

@misc{ howlongaws,
	author = "The Next Platform",
	title = "How Long Can AWS Keep Climbing Its Steep Growth Curve?",
	howpublished = "\url{https://www.nextplatform.com/2016/02/01/how-long-can-aws-keep-climbing-its-steep-growth-curve/}",
	year = "2016",
}

@misc{ cnetgsrv,
	author = "c|net",
	title = "Google unlocks once-secret server",
	howpublished = "\url{https://www.cnet.com/news/google-uncloaks-once-secret-server-10209580/}",
	year = "2009",
}

@misc{ the-end,
	author = "Peter Levine",
	title = "The End of Cloud Computing",
	howpublished = "\url{https://a16z.com/2016/12/16/the-end-of-cloud-computing/}",
	year = "2016",
}

@misc{ cisco-dc-power,
        author = "Cisco",
        title = "Cisco Unified Computing System Site Planning Guide: Data Center Power and Cooling",
        howpublished = "\url{https://www.cisco.com/c/en/us/solutions/collateral/data-center-virtualization/unified-computing/white_paper_c11-680202.pdf}",
        year = "2017",
}
